@book{aiw,
    title = "Alice's Adventures in Wonderland",
    author = "Lewis Carroll",
    publisher = "George MacDonald",
    year = 1865
}

@book{utb,
    title = "Unity Game Development Cookbook",
    author = {Paris Buttfield Addison and Jonathon Manning and Tim Nugent},
    publisher = "O'Reilly UK Limited",
    year = 2019
}

@misc{ud,
    title = "Unity User Manual",
    howpublished = {\url{https://docs.unity3d.com/Manual/index.html}},
    note = "Version 2019.4 LTS"
}

@misc{gb,
    title = "Google Blockly Documentation",
    howpublished = {\url{https://developers.google.com/blockly}}
}

@misc{fb,
    title = "Google Firebase Documentation",
    howpublished = {\url{https://firebase.google.com/docs}}
}

